<?xml version="1.0" encoding="UTF-8"?><collection xmlns="http://www.loc.gov/MARC21/slim"><record><leader>00470nam--2200133-i-4500</leader><controlfield tag="001">000019513</controlfield><controlfield tag="002">20161230</controlfield><controlfield tag="005">20161230201033</controlfield><controlfield tag="008">060222s1000------------r-----000-0-eng-d</controlfield><datafield ind1=" " ind2=" " tag="080"><subfield code="a">542.2:535.82</subfield></datafield><datafield ind1=" " ind2=" " tag="100"><subfield code="a">Emons,Hans-heinz, Keune, Hans Und Seyfarth, Hans-heinz</subfield></datafield><datafield ind1=" " ind2=" " tag="245"><subfield code="a">Chemische mikroskopie. eine eifuhrung in theorie und praxis mikroskopischer untersuchungs methoden</subfield></datafield><datafield ind1=" " ind2=" " tag="260"><subfield code="a">Leipzig, Veb Deutscher Verlag Fur Grundstoff Industrie, 1973. 304 P</subfield></datafield><datafield ind1=" " ind2=" " tag="852"><subfield code="a">40596</subfield></datafield></record></collection>